@incollection{DBLP:reference/mc/BarrettT18,
  author    = {Clark Barrett and
               Cesare Tinelli},
  title     = {Satisfiability Modulo Theories},
  booktitle = {Handbook of Model Checking.},
  pages     = {305--343},
  year      = {2018},
  crossref  = {DBLP:reference/mc/2018},
  url       = {https://doi.org/10.1007/978-3-319-10575-8\_11},
  doi       = {10.1007/978-3-319-10575-8\_11},
  timestamp = {Tue, 29 May 2018 12:30:27 +0200},
  biburl    = {https://dblp.org/rec/bib/reference/mc/BarrettT18},
  bibsource = {dblp computer science bibliography, https://dblp.org}
}

@book{DBLP:books/daglib/0020348,
  author    = {Christel Baier and
               Joost{-}Pieter Katoen},
  title     = {Principles of model checking},
  publisher = {{MIT} Press},
  year      = {2008},
  isbn      = {978-0-262-02649-9},
  timestamp = {Tue, 15 Feb 2011 11:22:37 +0100},
  biburl    = {https://dblp.org/rec/bib/books/daglib/0020348},
  bibsource = {dblp computer science bibliography, https://dblp.org}
}

@article{DBLP:journals/csur/BaldoniCDDF18,
  author    = {Roberto Baldoni and
               Emilio Coppa and
               Daniele Cono D'Elia and
               Camil Demetrescu and
               Irene Finocchi},
  title     = {A Survey of Symbolic Execution Techniques},
  journal   = {{ACM} Comput. Surv.},
  volume    = {51},
  number    = {3},
  pages     = {50:1--50:39},
  year      = {2018},
  url       = {http://doi.acm.org/10.1145/3182657},
  doi       = {10.1145/3182657},
  timestamp = {Thu, 26 Jul 2018 15:12:32 +0200},
  biburl    = {https://dblp.org/rec/bib/journals/csur/BaldoniCDDF18},
  bibsource = {dblp computer science bibliography, https://dblp.org}
}

@Inbook{Manna2003,
author="Manna, Zohar
and Zarba, Calogero G.",
editor="Aichernig, Bernhard K.
and Maibaum, Tom",
title="Combining Decision Procedures",
bookTitle="Formal Methods at the Crossroads. From Panacea to Foundational Support: 10th Anniversary Colloquium of UNU/IIST, the International Institute for Software Technology of The United Nations University, Lisbon, Portugal, March 18-20, 2002. Revised Papers",
year="2003",
publisher="Springer Berlin Heidelberg",
address="Berlin, Heidelberg",
pages="381--422",
abstract="We give a detailed survey of the current state-of-the-art methods for combining decision procedures. We review the Nelson-Oppen combination method, Shostak method, and some very recent results on the combination of theories over non-disjoint signatures.",
isbn="978-3-540-40007-3",
doi="10.1007/978-3-540-40007-3_24",
url="https://doi.org/10.1007/978-3-540-40007-3_24",
chapter=10
}

@incollection{BEL01Handbook,
  publisher = {Elsevier},
  title = {Normal Form Transformations},
  author = {Baaz, M. and Egly, U. and Leitsch, A.},
  year = {2001},
  booktitle = {Handbook of Automated Reasoning},
  pages = {275--333},
  editor = {A. Robinson, A. Voronkov},
}

@misc{synth,
  author = {James Bornholt},
  title = {Program Synthesis Explained},
  howpublished = "\url{https://homes.cs.washington.edu/~bornholt/post/synthesis-explained.html}",
  year = {2015}, 
  note = "[Online; accessed 28-August-2018]"
}

@misc{proofasst,
  author = {Patrick Schnider},
  title = {An Introduction to Proof Assistants},
  howpublished = "\url{http://www-oldurls.inf.ethz.ch/personal/fukudak/lect/mssemi/reports/09_rep_PatrickSchnider.pdf}",
  year = {2015}, 
  note = "[Online; accessed 28-August-2018]"
}

@misc{prop,
  author = {Sebastian Thrun, Daphne Koller, Andrew Ng},
  title = {Propositional Logic},
  howpublished = "\url{http://intrologic.stanford.edu/notes/chapter_02.html}",
  year = {2000}, 
  note = "[Online; accessed 28-August-2018]"
}

@misc{LIAEUF,
  author = {Martin KÃ¶hler},
  title = {The theories of Linear Arithmetic and Equality Logic and Uninterpreted Functions in the context of Satisfiablity Modulo Theories},
  howpublished = "\url{https://www.tcs.cs.tu-bs.de/documents/Logics_Seminar_2014/TheorySolvers.pdf}",
  year = {2014}, 
  note = "[Online; accessed 28-August-2018]"
}

